@ARTICLE {junker1999,
    author  = "Ulrich Junker",
    title   = "Constraint-based Problem Decomposition for a Key Configuration Problem",
    journal = "Principles and Practice of Constraint Programming",
    year    = "1999",
    volume  = "1520",
    pages   = "265-279",
    month   = "jun"
}
@MASTERSTHESIS {lawer2004,
    author = "Anna Lawer",
    title  = "Calculation of Lock Systems",
    school = "Royal Institute of Technology",
    year   = "2004"
}
@MASTERSTHESIS {horenovsky2018,
    author = "Martin Ho\v{r}e\v{n}ovsk\'{y}",
    title  = "Performance analysis of a master-key system solver",
    school = "Czech Technical University in Prague",
    year   = "2018"
}
@incollection{hebrard2004,
  title     = {Super solutions in constraint programming},
  author    = {Hebrard, Emmanuel and Hnich, Brahim and Walsh, Toby},
  booktitle = {Integration of AI and OR Techniques in Constraint Programming for Combinatorial Optimization Problems},
  pages     = {157--172},
  year      = {2004},
  publisher = {Springer}
}
@book{dechter1988,
  title     = {Belief maintenance in dynamic constraint networks},
  author    = {Dechter, Rina and Dechter, Avi},
  year      = {1988},
  publisher = {University of California, Computer Science Department}
}
@article{freuder1992,
  title     = {Partial constraint satisfaction},
  author    = {Freuder, Eugene C and Wallace, Richard J},
  journal   = {Artificial Intelligence},
  volume    = {58},
  number    = {1-3},
  pages     = {21--70},
  year      = {1992},
  publisher = {Elsevier}
}
@article{cooper2010,
  title     = {Soft arc consistency revisited},
  author    = {Cooper, Martin C and de Givry, Simon and S{\'a}nchez, Mart{\i} and Schiex, Thomas and Zytnicki, Matthias and Werner, Tom{\'a}{\v{s}}},
  journal   = {Artificial Intelligence},
  volume    = {174},
  number    = {7},
  pages     = {449--478},
  year      = {2010},
  publisher = {Elsevier}
}
@inproceedings{een2003,
  title        = {An extensible SAT-solver},
  author       = {E{\'e}n, Niklas and S{\"o}rensson, Niklas},
  booktitle    = {Theory and applications of satisfiability testing},
  pages        = {502--518},
  year         = {2003},
  organization = {Springer}
}
@article{gottlob2008,
  title={Fixed-parameter algorithms for artificial intelligence, constraint satisfaction and database problems},
  author={Gottlob, Georg and Szeider, Stefan},
  journal={The Computer Journal},
  volume={51},
  number={3},
  pages={303--325},
  year={2008},
  publisher={Br Computer Soc}
}
@manual{choco,
  author        = {Charles Prud'homme and Jean-Guillaume Fages and Xavier Lorca},
  title         = {Choco Documentation},
  year          = {2015},
  organization  = {TASC, INRIA Rennes, LINA CNRS UMR 6241, COSLING S.A.S.},
  timestamp     = {Thu, 11 May 2015},
  url           = {http://www.choco-solver.org },
}
@inproceedings{berman1994,
  title={Approximating Maximum Independent Set in Bounded Degree Graphs.},
  author={Berman, Piotr and F{\"u}rer, Martin},
  booktitle={SODA},
  volume={94},
  pages={365--371},
  year={1994}
}
@article{halldorsson1997,
  title={Greed is good: Approximating independent sets in sparse and bounded-degree graphs},
  author={Halld{\'o}rsson, Magn{\'u}s M and Radhakrishnan, Jaikumar},
  journal={Algorithmica},
  volume={18},
  number={1},
  pages={145--163},
  year={1997},
  publisher={Springer}
}
@article{tarjan1977,
  title={Finding a maximum independent set},
  author={Tarjan, Robert Endre and Trojanowski, Anthony E},
  journal={SIAM Journal on Computing},
  volume={6},
  number={3},
  pages={537--546},
  year={1977},
  publisher={SIAM}
}
@book{rossi2006,
  title={Handbook of constraint programming},
  author={Rossi, Francesca and Van Beek, Peter and Walsh, Toby},
  year={2006},
  publisher={Elsevier}
}
@article{mackworth1977consistency,
  title={Consistency in networks of relations},
  author={Mackworth, Alan K.},
  journal={Artificial intelligence},
  volume={8},
  number={1},
  pages={99--118},
  year={1977},
  publisher={Elsevier}
}
@inproceedings{mackworth1977maps,
 author = {Mackworth, Alan K.},
 title = {On Reading Sketch Maps},
 booktitle = {Proceedings of the 5th International Joint Conference on Artificial Intelligence - Volume 2},
 series = {IJCAI'77},
 year = {1977},
 location = {Cambridge, USA},
 pages = {598--606},
 numpages = {9},
 url = {http://dl.acm.org/citation.cfm?id=1622943.1622952},
 acmid = {1622952},
 publisher = {Morgan Kaufmann Publishers Inc.},
 address = {San Francisco, CA, USA},
} 
@inproceedings{lhomme2005,
 author = {Lhomme, Olivier and R{\'e}gin, Jean-Charles},
 title = {A Fast Arc Consistency Algorithm for N-ary Constraints},
 booktitle = {Proceedings of the 20th National Conference on Artificial Intelligence - Volume 1},
 series = {AAAI'05},
 year = {2005},
 isbn = {1-57735-236-x},
 location = {Pittsburgh, Pennsylvania},
 pages = {405--410},
 numpages = {6},
 url = {http://dl.acm.org/citation.cfm?id=1619332.1619398},
 acmid = {1619398},
 publisher = {AAAI Press},
} 
@article{cernoch2017,
  author  = "\v{C}ernoch, Radom\'{i}r and Ku\v{z}elka, Ond\v{r}ej and \v{Z}elezn\'{y}, Filip", 
  year    = 2017,
  title   = "Polynomial and extensible solutions in lock-chart solving",
  journal = {Applied Artificial Intelligence},

}
@phdthesis{cernoch2018,
  author={\v{C}ernoch, Radom\'{i}r},
  title={Lock-chart solving},
  school={Czech Technical University in Prague},
  year={2018},
  note={unpublished thesis}
}
